
@book{brassington2017,
  title = {Field Hydrogeology},
  author = {Brassington, Rick},
  year = {2017},
  edition = {Fourth edition},
  publisher = {{Wiley Blackwell \& Sons, Inc}},
  address = {{Hoboken, NJ}},
  isbn = {978-1-118-39736-7},
  keywords = {Fieldwork,Hydrogeology},
  lccn = {GB1002.3 .B73 2017}
}

@book{domenico1998a,
  title = {Physical and Chemical Hydrogeology},
  author = {Domenico, P. A. and Schwartz, F. W.},
  year = {1998},
  edition = {2nd ed},
  publisher = {{Wiley}},
  address = {{New York}},
  isbn = {978-0-471-59762-9},
  keywords = {Hydrogeology},
  lccn = {GB1003.2 .D66 1998}
}

@book{fetter2001,
  title = {Applied Hydrogeology},
  author = {Fetter, C. W.},
  year = {2001},
  edition = {4th ed},
  publisher = {{Prentice Hall}},
  address = {{Upper Saddle River, N.J}},
  isbn = {978-0-13-088239-4},
  keywords = {Hydrogeology,Water-supply},
  lccn = {GB1003.2 .F47 2001}
}

@book{freeze1979a,
  title = {Groundwater},
  author = {Freeze, R. Allan and Cherry, John A.},
  year = {1979},
  publisher = {{Prentice-Hall}},
  address = {{Englewood Cliffs, N.J}},
  isbn = {978-0-13-365312-0},
  keywords = {Groundwater},
  lccn = {GB1003.2 .F73}
}

@techreport{heath1983,
  title = {Basic Ground-Water Hydrology},
  author = {Heath, Ralph},
  year = {1983},
  institution = {{US Geological Survey}},
  doi = {10.3133/wsp2220},
  file = {/home/prabhasyadav/Zotero/storage/REPQVHHN/1983_Basic ground-water hydrology.pdf},
  language = {en},
  number = {2220}
}

@book{price1998,
  title = {Introducing Groundwater},
  author = {Price, Michael},
  year = {1998},
  edition = {2nd ed},
  publisher = {{Stanley Thornes}},
  address = {{Cheltenham}},
  isbn = {978-0-7487-4371-1},
  language = {eng}
}


